% =====================================================
% BIBLIOGRAPHY FILE
% =====================================================
% Add your references here in BibTeX format
%
% Example entries:

@article{example2024,
    author = {Author, First and Author, Second},
    title = {Example Article Title},
    journal = {Journal Name},
    year = {2024},
    volume = {1},
    number = {1},
    pages = {1--10},
    doi = {10.1234/example}
}

@inproceedings{example_conf2024,
    author = {Author, First},
    title = {Example Conference Paper},
    booktitle = {Proceedings of Example Conference},
    year = {2024},
    pages = {100--110},
    organization = {IEEE}
}

@misc{uniswap_v2,
    author = {Hayden Adams and Noah Zinsmeister and Dan Robinson},
    title = {Uniswap v2 Core},
    year = {2020},
    url = {https://uniswap.org/whitepaper.pdf},
    note = {Accessed: 2024-10-30}
}

@misc{solana_docs,
    author = {Solana Labs},
    title = {Solana Documentation},
    year = {2024},
    url = {https://docs.solana.com},
    note = {Accessed: 2024-10-30}
}

% Add more references as needed
